@article{krusei2009,
	title={Aurorae are not mirror images},
	author={Kruesi, L.},
	journal={Astronomy},
	volume={37},
	number={11},
	year={2009},
}
@article{aleksandrov2001,
	title={Полярные сияния},
	author={Александров, Н. Л.},
	journal={Соросовский образователь-
	ный журнал},
	volume={7},
	number={5},
	year={2001},
}
@book{bulat1974,
	title={Оптические явления в природе},
	author={Булат, В. Л.},
	publisher={Просвещение},
	year={1974},
}
@book{zvereva1988,
	title={В мире солнечного света},
	author={Зверева, С. В.},
	publisher={Гидрометеоиздат},
	year={1988},
}
@book{isaev1980,
	title={Полярные сияния},
	author={Исаев, С. И.},
	publisher={Книж. изд-во},
	year={1980},
}
@book{muzin1983,
	title={Полярные сияния},
	author={Мизун, Ю. Г.},
	publisher={Наука},
	year={1983},
}
@book{mishin1989,
	title={Взаимодействие электронных потоков с ионосферной плазмой},
	author={Мишин, Р. and Ружин Ю.Я. and Телегин В.А.},
	publisher={Гидрометеоиздат},
	year={1989},
}
@online{wiki,
	author={Википедия},
	title={Полярное сияние—Википедия, свободная энциклопедия},
	year={2015},
	url={http://ru.wikipedia.org/?oldid=75221213},
	urldate={2016-01-10}
}