@article{Kruesi2009,
	author = {Kruesi, L.},
	journal = {Astronomy},
	number = {11},
	title = {Aurorae are not mirror images.},
	volume = {37},
	year = {2009}
}

@article{Alexandrov2001,
	author = {Александров, Н. Л.},
	journal = {Соросовский образовательный журнал},
	number = {5},
	title = {Полярные сияния.},
	volume = {7},
	year = {2001}
}

@article{Bulat1974,
	author = {Булат, В. Л.},
	journal = {Просвещение},
	title = {Оптические явления в природе.},
	year = {1974}
}

@article{Zvereva1988,
	author = {Зверева, С. В.},
	journal = {Гидрометеоиздат},
	title = {В мире солнечного света.},
	year = {1988}
}

@article{Isaev1980,
	author = {Исаев, С. И.},
	journal = {Книж. изд-во},
	title = {Полярные сияния.},
	year = {1980}
}

@article{Mizun1983,
	author = {Мизун, Ю. Г.},
	journal = {Наука},
	title = {Полярные сияния.},
	year = {1983}
}

@article{Mishin1989,
	author = {Мишин, Р. et al.},
	journal = {Гидрометеоиздат},
	title = {Взаимодействие электронных потоков с ионосферной плазмой.},
	year = {1989}
}
